@book{Gutbrodt2010,
author = {Felix Gutbrodt},
title = {Effizienter Schutz der IT-Sicherheit auf der Feldebene von Automatisierungssystemen},
series  = {IAS-Forschungsberichte},
volume   = {2010,2},
publisher = {Shaker Verlag},
year = {2010},
address = {Aachen},
isbn = {9783832289089}
}
@INPROCEEDINGS{Iatrou2020,
  author={Iatrou, Chris Paul and Ketzel, Lukas and Graube, Markus and Häfner, Martin and Urbas, Leon},
  booktitle={2020 25th IEEE International Conference on Emerging Technologies and Factory Automation (ETFA)}, 
  title={Design classification of aggregating systems in intelligent information system architectures}, 
  year={2020},
  volume={1},
  number={},
  pages={745-752},
  keywords={Protocols;Semantics;Computer architecture;Logic gates;Servers;Internet of Things;Task analysis;gateway;aggregating system;aggregating server;namur open architecture;noa;opcua;canopen},
  doi={10.1109/ETFA46521.2020.9212101}}

@misc{BSI_OPCUA_2021,
	author = {Bundesamt für Sicherheit in der Informationstechnik (BSI)},
	title = {{S}icherheitsanalyse (2021) OPC UA},
	howpublished = {\url{https://www.bsi.bund.de/SharedDocs/Downloads/DE/BSI/Publikationen/Studien/OPCUA/OPCUA_2022.html}},
	year = {2021},
	note = {[abgerufen am 11.06.2025]},
}
@misc{BSI_OPCUA_2016,
	author = {Bundesamt für Sicherheit in der Informationstechnik (BSI)},
	title = {{S}icherheitsanalyse OPC UA},
	howpublished = {\url{https://www.bsi.bund.de/DE/Service-Navi/Publikationen/Studien/OPCUA/opcua.html}},
	year = {2016},
	note = {[abgerufen am 11.06.2025]},
}
@misc{BSI_RSA_Empfehlung,
	author = {Bundesamt für Sicherheit in der Informationstechnik (BSI)},
	title = {BSI – Technische Richtlinie: Kryptographische Verfahren: Empfehlungen und Schlüssellängen},
	howpublished = {\url{https://www.bsi.bund.de/SharedDocs/Downloads/DE/BSI/Publikationen/TechnischeRichtlinien/TR02102/BSI-TR-02102.pdf?__blob=publicationFile}},
	year = {2025},
	note = {[abgerufen am 11.06.2025]},
}

@article{Brownfield_Definition,
title = {Smart Manufacturing Retrofit for Brownfield Systems},
journal = {Procedia Manufacturing},
volume = {42},
pages = {327-332},
year = {2020},
note = {International Conference on Industry 4.0 and Smart Manufacturing (ISM 2019)},
issn = {2351-9789},
doi = {https://doi.org/10.1016/j.promfg.2020.02.085},
url = {https://www.sciencedirect.com/science/article/pii/S2351978920306508},
author = {Dieter Etz and Hannes Brantner and Wolfgang Kastner},
keywords = {Industry 4.0, smart manufacturing, cyber-physical systems, robotics, brownfield, retrofit},
abstract = {In recent years, the concept of Industry 4.0 and smart manufacturing have caused disruption and upheaval in many industries. These concepts promise high efficiency and flexibility but also require seamless communication and interoperability among machines. Brownfield systems, that do not satisfy these requirements, need a functional extension or enhancement in order to remain competitive. This paper proposes a solution for retrofitting a brownfield system on the example of an industrial robot. An architecture for a gateway device is presented, which enables a legacy robot to communicate within a smart manufacturing environment. A concrete implementation shows, that the presented approach can be used to upgrade machinery with comparatively little effort.}
}


@techreport{IEC62264,
  type         = {Standard},
  number       = {IEC 62264-1},
  title        = {{Enterprise{-}control system integration {-} Part 1: Models and Terminology}},
  year         = {2013},
  author       = {IEC},
  institution  = {International Electrotechnical Commission}
}
@techreport{ISA88,
  type         = {Standard},
  number       = {ISA 88},
  title        = {{Batch Control {-} Part 1: Models and Terminology}},
  year         = {995},
  author       = {ISA},
  institution  = {International Society of Automation}
}
@techreport{ISA95P1,
  type         = {Standard},
  number       = {ISA 95},
  title        = {{Enterprise{-}Control System Integration {-} Part 1: Models and Terminology}},
  year         = {2000},
  author       = {ISA},
  institution  = {International Society of Automation}
}
@techreport{ISA95P2,
  type         = {Standard},
  number       = {ISA 95},
  title        = {{Enterprise{-}Control System Integration {-} Part 2: Object Model Attributes}},
  year         = {October 2001},
  author       = {ISA},
  institution  = {International Society of Automation}
}
@techreport{IEC61512,
  type         = {Standard},
  number       = {IEC 61512},
  title        = {{Batch control {-} Part 1: Models and terminology}},
  year         = {1997},
  author       = {IEC},
  institution  = {International Electrotechnical Commission}
}
@techreport{ISO_POSIX,
  type         = {Standard},
  number       = {ISO/IEC/IEEE 9945:2009},
  title        = {Information technology — Portable Operating System Interface (POSIX) Base Specifications},
  year         = {2009},
  author       = {IEC},
  institution  = {International Electrotechnical Commission}
}
@techreport{DIN_91345,
  type         = {Standard},
  title        = {{Reference Architecture Model Industrie 4.0 (RAMI4.0)}},
  number       = {DIN SPEC 91345},
  year         = {2016},
  author       = {DIN},
  institution  = {Deutsches Institut für Normung}
}
@techreport{DIN_60050,
  title       = "{DIN} {IEC} 60050-351:2014-09, Internationales
                 Elektrotechnisches W{\"o}rterbuch\_- Teil\_351: Leittechnik
                 ({IEC\_60050-351:2013})",
  institution  = {Deutsches Institut für Normung},
  year        =  2019,
  address     = "Berlin",
  author       = {DIN},
}
@techreport{DIN_61512,
  title       = "{DIN} {EN} 61512-1:2000-01, Chargenorientierte Fahrweise\_-
                 Teil\_1: Modelle und Terminologie ({IEC\_61512-1:1997)};
                 Deutsche Fassung {EN\_61512-1:1999}",
  institution  = {Deutsches Institut für Normung},
  year        =  2019,
  address     = "Berlin",
  author      = {DIN}
}
@techreport{NE_153,
  type         = {Standard},
  number       = {{NE 153}},
  title        = {{Automation Security 2020 – Design, Implementierung und Betrieb künftiger industrieller Automatisierungssysteme}},
  year         = {2015},
  author       = {{NAMUR - Interessengemeinschaft Automatisierungstechnik der Prozessindustrie e.V.}},
}
@techreport{NE_175,
  type         = {Standard},
  number       = {{NE 175}},
  title        = {{NAMUR Open Architecture - NOA Concept}},
  year         = {2020},
  author       = {{NAMUR - Interessengemeinschaft Automatisierungstechnik der Prozessindustrie e.V.}},
}
@techreport{NE_176,
  type         = {Standard},
  number       = {{NE 176}},
  title        = {{NAMUR Open Architecture - NOA Informationsmodell}},
  year         = {2021},
  author       = {{NAMUR - Interessengemeinschaft Automatisierungstechnik der Prozessindustrie e.V.}},
}
@techreport{NE_177,
  type         = {Standard},
  number       = {{NE 177}},
  title        = {{NAMUR Open Architecture - NOA Security Zones and Security Gateway}},
  year         = {2021},
  author       = {{NAMUR - Interessengemeinschaft Automatisierungstechnik der Prozessindustrie e.V.}},
}
@techreport{NE_178,
  type         = {Standard},
  number       = {{NE 178}},
  title        = {{NAMUR Open Architecture - NOA Verification of Request}},
  year         = {},
  author       = {{NAMUR - Interessengemeinschaft Automatisierungstechnik der Prozessindustrie e.V.}},
}

@book{Lauber1999,
  title = {Prozessautomatisierung 1},
  ISBN = {9783642584466},
  url = {http://dx.doi.org/10.1007/978-3-642-58446-6},
  DOI = {10.1007/978-3-642-58446-6},
  publisher = {Springer Berlin Heidelberg},
  author = {Lauber,  Rudolf and G\"{o}hner,  Peter},
  year = {1999}
}
@INPROCEEDINGS{Conklin2016,
  title           = "{IT} vs. {OT} security: A time to consider a change in
                     {CIA} to include resilienc",
  booktitle       = "2016 49th Hawaii International Conference on System
                     Sciences ({HICSS})",
  author          = "Conklin, Arthur",
  publisher       = "IEEE",
  month           =  jan,
  year            =  2016,
  conference      = "2016 49th Hawaii International Conference on System
                     Sciences (HICSS)",
  location        = "Koloa, HI, USA"
}
@misc{Modbus_Protocol,
	author = {Modbus Organization Inc.},
	title = {MODBUS APPLICATION PROTOCOL SPECIFICATION V1.1b3},
	howpublished = {\url{https://www.modbus.org/docs/Modbus_Application_Protocol_V1_1b3.pdf}},
	year = {2012},
}
@misc{Modbus_TCP,
	author = {Modbus Organization Inc.},
	title = {MODBUS MESSAGING ON TCP/IP IMPLEMENTATION GUIDE V1.0b},
	howpublished = {\url{https://www.modbus.org/docs/Modbus_Messaging_Implementation_Guide_V1_0b.pdf}},
	year = {2006},
}
@misc{Modbus_TCP_Security,
	author = {Modbus Organization Inc.},
	title = {MODBUS/TCP Security Protocol Specification V36},
	howpublished = {\url{https://www.modbus.org/docs/MB-TCP-Security-v36_2021-07-30.pdf}},
	year = {2021},
}
@book{Vogel-Heuser2016,
  title     = "Handbuch Industrie 4.0 Bd.4: Allgemeine Grundlagen",
  editor    = "Vogel-Heuser, Birgit and Bauernhansl, Thomas and Hompel, Michael",
  publisher = "Springer",
  series    = "Springer Reference Technik",
  edition   =  2,
  month     =  dec,
  year      =  2016,
  address   = "Berlin, Germany",
}
@book{Vogel-Heuser2016_Bd1,
  title     = "Handbuch Industrie 4.0 Bd.1: Produktion",
  editor    = "Vogel-Heuser, Birgit and Bauernhansl, Thomas and Hompel, Michael",
  publisher = "Springer",
  series    = "Springer Reference Technik",
  edition   =  2,
  month     =  dec,
  year      =  2016,
  address   = "Berlin, Germany",
}
@misc{destatisBIP2021,
	author = {Statistische Bundesamt},
	title = {{B}ruttoinlandsprodukt: {A}usführliche {E}rgebnisse zur {W}irtschaftsleistung im 1. {Q}uartal 2021 --- destatis.de},
	howpublished = {\url{https://www.destatis.de/DE/Presse/Pressemitteilungen/2021/05/PD21_244_81.html}},
	year = {2021},
	note = {[abgerufen am 11.06.2025]},
}
@misc{ifoRUS_2022,
	author = {Clemens Fuest, Leibniz-Institut für Wirtschaftsforschung an der Universität München e. V.},
	title = {Wirtschaftliche Folgen des russischen Überfalls auf die Ukraine},
	howpublished = {\url{https://www.ifo.de/sites/default/files/docbase/docs/Standpunkt_234_wirtschaftliche-folgen-ukraine.pdf}},
	year = {2022},
	note = {[abgerufen am 11.06.2025]},
}
@misc{ifoUSA_2017,
	author = {Leibniz-Institut für Wirtschaftsforschung an der Universität München e. V.},
	title = {Global Impact of a Protectionist U.S. Trade Policy},
	howpublished = {\url{https://www.ifo.de/sites/default/files/docbase/docs/ifo_Forschungsberichte_89_2017_Yalcin_etal_US_TradePolicy.pdf}},
	year = {2017},
	note = {[abgerufen am 11.06.2025]},
}
@misc{ifoUSA_2025,
	author = {Leibniz-Institut für Wirtschaftsforschung an der Universität München e. V.},
	title = {{G}eopolitischer {U}mbruch verschärft {K}rise – {S}trukturreformen noch dringlicher},
	howpublished = {\url{https://www.ifo.de/pressemitteilung/2025-04-10/geopolitischer-umbruch-verschaerft-krise-strukturreformen-noch}},
	year = {2025},
	note = {[abgerufen am 11.06.2025]},
}
@BOOK{Lee2011-uc,
  title     = "Introduction to embedded systems",
  author    = "Lee, Edward Ashford and Seshia, Sanjit Arunkumarr",
  publisher = "Lulu.com",
  month     =  apr,
  year      =  2011
}

@INCOLLECTION{Siepmann2016,
  title     = "Industrie 4.0 - Grundlagen und Gesamtzusammenhang",
  booktitle = "Einf{\"u}hrung und Umsetzung von Industrie 4.0",
  author    = "Siepmann, David and Graef, Norbert",
  publisher = "Springer Berlin Heidelberg",
  pages     = "17--82",
  year      =  2016,
  address   = "Berlin, Heidelberg"
}
@misc{VDMA_OPCUA_2017,
	author = {VDMA},
	title = {Industrie 4.0 Kommunikation mit OPC UA - Leitfaden zur Einführung in den Mittelstand},
	howpublished = {\url{https://www.plattform-i40.de/IP/Redaktion/DE/Downloads/Publikation/vdma-i40-kommunikation-opc.html}},
	year = {2017},
	note = {[abgerufen am 11.06.2025]},
}
@misc{plattformi40_cybersec,
	author = {Plattform Industrie 4.0},
	title = {Cybersicherheits-Regulierung und Industrie 4.0},
	howpublished = {\url{https://www.plattform-i40.de/IP/Redaktion/DE/Downloads/Publikation/2025-i40-orientierungshilfe-cybersicherheit.pdf}},
	year = {2025},
	note = {[abgerufen am 11.06.2025]},
}
@misc{plattformi40_roadmap2030,
	author = {Plattform Industrie 4.0},
	title = {Leitbild 2030 für Industrie 4.0 - Digitale Okosysteme global gestalten},
	howpublished = {\url{https://www.plattform-i40.de/IP/Redaktion/DE/Downloads/Publikation/Leitbild-2030-f\%C3\%BCr-Industrie-4.0.pdf}},
	year = {2019},
	note = {[abgerufen am 11.06.2025]},
}
@INCOLLECTION{Mehrfeld2020,
  title     = "Cyber security threats and incidents in industrial control
               systems",
  booktitle = "{HCI} for Cybersecurity, Privacy and Trust",
  author    = "Mehrfeld, Jens",
  publisher = "Springer International Publishing",
  pages     = "599--608",
  series    = "Lecture notes in computer science",
  year      =  2020,
  address   = "Cham",
  copyright = "https://www.springernature.com/gp/researchers/text-and-data-mining",
  language  = "en"
}
@INPROCEEDINGS{Murray2017,
  title     = "The convergence of {IT} and {OT} in critical infrastructure",
  author    = "Murray, Glenn and Johnstone, Michael N and Valli, Craig",
  publisher = "Security Research Institute (SRI), Edith Cowan University",
  year      =  2017
}
@misc{Spiegel_Stuxnet,
	author = {Christian Stöcker, DER SPIEGEL},
	title = {{A}ngriff auf {I}rans {A}tomprogramm: {S}tuxnet-{V}irus könnte tausend {U}ran-{Z}entrifugen zerstört haben --- spiegel.de},
	howpublished = {\url{https://www.spiegel.de/netzwelt/netzpolitik/angriff-auf-irans-atomprogramm-stuxnet-virus-koennte-tausend-uran-zentrifugen-zerstoert-haben-a-736604.html}},
	year = {2010},
	note = {[abgerufen am 11.06.2025]},
}
@misc{Symantec_Stuxnet,
	author = {Falliere, Nicolas and O'Murchu, Liam and Chien, Eric},
	title = {W32.Stuxnet Dossier},
	howpublished = {\url{https://nsarchive.gwu.edu/sites/default/files/documents/2700124/Document-44.pdf}},
	year = {2011},
	note = {[abgerufen am 11.06.2025]},
}

% Attack table
@misc{Cashoverride_Dragos,
	author = {Dragos Inc.},
	title = {CRASHOVERRIDE: Reassessing the 2016 Ukraine Electric Power Event as a Protection-Focused Attack},
	howpublished = {\url{https://www.dragos.com/wp-content/uploads/CRASHOVERRIDE.pdf}},
	year = {2019},
	note = {[abgerufen am 11.06.2025]},
}
@misc{Industroyer2_forescout,
	author = {Forescout Technologies Inc.},
	title = {Industroyer2 and INCONTROLLER: In-depth Technical Analysis of the Most Recent ICS-specific Malware},
	howpublished = {\url{https://www.forescout.com/resources/industroyer2-and-incontroller-report/}},
	year = {2022},
	note = {[abgerufen am 11.06.2025]},
}
@misc{TRISIS_Dragos,
	author = {Dragos Inc.},
	title = {{T}{R}{I}{S}{I}{S} {M}alware: {A}nalysis of {S}afety {S}ystem {T}argeted {M}alware},
	howpublished = {\url{https://www.dragos.com/wp-content/uploads/TRISIS-01.pdf}},
	year = {},
	note = {[abgerufen am 11.06.2025]},
}
@misc{Pipedream_Dragos,
	author = {Dragos Inc.},
	title = {{P}{I}{P}{E}{D}{R}{E}{A}{M}: {C}hernovite's emerging malware targeting {I}ndustrial {C}ontrol {S}ystems},
	howpublished = {\url{https://hub.dragos.com/hubfs/116-Whitepapers/Dragos_ChernoviteWP_v2b.pdf?hsLang=en}},
	year = {2022},
	note = {[abgerufen am 11.06.2025]},
}

%%%%%%%%%%%%%%%%%
@misc{NOA_Yokogawa_NAMUR,
	author = {Klettner, Christian and Krauss, Michael and Tauchnitz, Thomas},
	title = {{N}{A}{M}{U}{R} {O}pen {A}rchitecture:  {A}uf dem {W}eg zu {I}ndustrie 4.0},
	howpublished = {\url{https://web-material3.yokogawa.com/31/23082/files/Leitartikel_NOA.PDF}},
	year = {2023},
	note = {[abgerufen am 11.06.2025]},
}
@INPROCEEDINGS{Yuanchen2025_1,
  author={Zhao, Yuanchen and Schoon, Heiko and Schmetz, Benedikt and Wagner, Stephan and Miny, Torben and Felke, Patrick and Kleinert, Tobias},
  booktitle={2025 IEEE 8th International Conference on Industrial Cyber-Physical Systems (ICPS)}, 
  title={An Architecture of a NOA-based Secure Internet of Things Edge Gateway}, 
  year={2025},
  note={submitted for publication}   
 }
@INPROCEEDINGS{Yuanchen2025_2,
  author={Zhao, Yuanchen and Schoon, Heiko and Miny, Torben and Felke, Patrick and Kleinert, Tobias},
  booktitle={International Journal of Applied Mathematics and Computer Science (AMCS)}, 
  title={An Edge-Native Industrial Verification of Request System for Secure and Plausible Control Reconfiguration in Modular Plants}, 
  year={2025},
  note={submitted for publication}   
 }
@MISC{Eder2016-qi,
  title     = "Hypervisor- vs. Container-based Virtualization",
  author    = "Eder, Michael",
  publisher = "Chair for Network Architectures and Services, Department of
               Computer Science, Technische Universit{\"a}t M{\"u}nchen",
  year      =  2016
}
@misc{DockerEngine,
	author = {Docker Inc.},
	title = {{D}ocker {E}ngine},
	howpublished = {\url{https://docs.docker.com/engine/}},
	year = {2025},
	note = {[abgerufen am 11.06.2025]},
}
@misc{Sysgo_PikeOS,
	author = {Sysgo GmbH},
	title = {{P}ike{O}{S} {R}{T}{O}{S} {H}ypervisor},
	howpublished = {\url{https://www.sysgo.com/pikeos}},
	year = {2025},
	note = {[abgerufen am 11.06.2025]},
}
@misc{casbin,
	author = {Casbin Organization},
	title = {{C}asbin · {A}n authorization library},
	howpublished = {\url{https://casbin.org/}},
	year = {2025},
	note = {[abgerufen am 11.06.2025]},
}

@Inbook{deCaigny2024,
author="de Caigny, Jan
and Huck, Ralf",
editor="Vogel-Heuser, Birgit
and ten Hompel, Michael
and Bauernhansl, Thomas",
title="NAMUR Open Architecture -- Der sichere Weg, neue Werte und Services aus Automatisierungsdaten zu schaffen",
bookTitle="Handbuch Industrie 4.0: Band 2: Automatisierung",
year="2024",
publisher="Springer Berlin Heidelberg",
address="Berlin, Heidelberg",
pages="227--247",
abstract="In Produktionsanlagen der Prozessindustrie ist eine Vielzahl an Messumformern installiert, deren Diagnosedaten meist ungenutzt bleiben. Die von der NAMUR propagierten NOANOA Automatisierungsarchitektur und InformationsmodelleInformationsmodell sorgen daf{\"u}r, dass diese Daten r{\"u}ckwirkungsfrei, ohne die Kernautomatisierung zu beeintr{\"a}chtigen f{\"u}r weiterf{\"u}hrende Analysen in on premise oder Cloud L{\"o}sungen bereitgestellt werden k{\"o}nnen. Damit {\"o}ffnen sich f{\"u}r Green- und Brownfieldanlagen gleicherma{\ss}en Chancen, die digitale Transformation umzusetzen und die Potentiale im Bereich der Prozessoptimierung vollumf{\"a}nglich zu nutzen, z. B. im Rahmen der vorausschauenden Wartungsplanung. NOA schafft Offenheit: Lange Lebenszyklen von Anlagen, etablierte Automatisierungsstrukturen und die Implementierung innovativer Anwendungen und Servicekonzepte im Sinne der Industrie 4.0Industrie 4.0 schlie{\ss}en sich durch die Verf{\"u}gbarkeit des zweiten Kommunikationskanals und kosteng{\"u}nstiger IoT-Sensorik f{\"u}r Monitoring + Optimization Aufgaben nun nicht mehr aus.",
isbn="978-3-662-58528-3",
doi="10.1007/978-3-662-58528-3_136",
url="https://doi.org/10.1007/978-3-662-58528-3_136"
}
@misc{Dragos_ISA62443,
	author = {Dragos Inc.},
	title = {{K}ey {C}oncepts of {I}{S}{A}/{I}{E}{C} 62443},
	howpublished = {\url{https://www.dragos.com/blog/isa-iec-62443-concepts/}},
	year = {2023},
	note = {[abgerufen am 11.06.2025]},
}
@misc{niemann_kobes2024-iso27000_oder_iec62443,
	author = {Niemann, Karl-Heinz and Kobes, Pierre},
	title = {{I}{S}{O} 27000 oder {I}{E}{C} 62443?},
	howpublished = {\url{https://serwiss.bib.hs-hannover.de/frontdoor/deliver/index/docId/3072/file/niemann_kobes2024-iso27000_oder_iec62443.pdf}},
	year = {2024},
	note = {[abgerufen am 11.06.2025]},
}
@misc{rfc4949,
	author = {Robert W. Shirey},
	title = {{R}{F}{C} 4949: {I}nternet {S}ecurity {G}lossary},
	howpublished = {\url{https://datatracker.ietf.org/doc/html/rfc4949}},
	year = {2007},
	note = {[abgerufen am 11.06.2025]},
}
@INPROCEEDINGS{10275714,
  author={Grüner, Sten and Trosten, Anders},
  booktitle={2023 IEEE 28th International Conference on Emerging Technologies and Factory Automation (ETFA)}, 
  title={A Cloud-Native Software Architecture of NAMUR Open Architecture Verification of Request using OPC UA PubSub Actions over MQTT}, 
  year={2023},
  volume={},
  number={},
  pages={1-8},
  keywords={Industries;Cloud computing;Software architecture;Computer architecture;Logic gates;Virtual machining;Fourth Industrial Revolution;NAMUR Open Architecture;Verification of Request;OPC UA;MQTT;Cloud-Native Software Architecture},
  doi={10.1109/ETFA54631.2023.10275714}}
@INPROCEEDINGS{8190923,
  author={Kim, Byoung-Koo and Heo, Young-Jun and Na, Jung-Chan},
  booktitle={2017 International Conference on Information and Communication Technology Convergence (ICTC)}, 
  title={Design of unidirectional security gateway system for secure monitoring of OPC-UA data}, 
  year={2017},
  volume={},
  number={},
  pages={1287-1288},
  keywords={Security;Servers;Monitoring;Logic gates;Data transfer;Protocols;Unidirectional security gateway;UNIWAY;OPC-UA;cyber-attack},
  doi={10.1109/ICTC.2017.8190923}}
@INPROCEEDINGS{9254634,
  author={Azarmipour, Mahyar and Trotha, Christian von and Gries, Caspar and Kleinert, Tobias and Epple, Ulrich},
  booktitle={IECON 2020 The 46th Annual Conference of the IEEE Industrial Electronics Society}, 
  title={A Secure Gateway for the Cooperation of Information Technologies and Industrial Automation Systems}, 
  year={2020},
  volume={},
  number={},
  pages={53-58},
  keywords={Security;Process control;Automation;Virtualization;Logic gates;Containers;Virtual machine monitors;Industry 4.0;NAMUR-Diode;Virtualization;security;IT/OT convergence;Verification of Request},
  doi={10.1109/IECON43393.2020.9254634}}

@misc{IoT_Overview,
	author = {The Internet Society (ISOC)},
	title = {THE INTERNET OF THINGS: AN OVERVIEW},
	howpublished = {\url{https://www.internetsociety.org/wp-content/uploads/2017/08/ISOC-IoT-Overview-20151221-en.pdf}},
	year = {2015},
	note = {[abgerufen am 11.06.2025]},
}
@TECHREPORT{ZeroTrustNIST,
  title       = "Zero Trust Architecture",
  author      = "Rose, Scott and Borchert, Oliver and Mitchell, Stu and Connelly, Sean",
  institution = "National Institute of Standards and Technology (NIST)",
  month       =  aug,
  year        =  2020
}

%%%%%%%%%%%%%%%%%%%%%%%%%%%%%%%%%%%%%%%%%%%%%%%%%%%%%%%%%%%%%%%%%%%%%%%

@misc{OPC30270_I4AAS,
	type = {Specification},
	number = {OPC 30270},
	year = {2021},
	month = {06},
	title = {OPC 30270 - OPC UA for Asset Administration Shell (AAS)}
}
@manual{Siemens_SiOME,
  title        = {Siemens OPC UA Modeling Editor zur Umsetzung von OPC UA Companion Spezifikationen},
  author       = {Siemens AG},
  year         = 2019,
  month        = 03,
  organization = {Siemens AG},
}
@manual{Siemens_OPCUA-Methoden,
  title        = {OPC UA-Methoden für den SIMATIC S7-1500 OPC UA-Server},
  author       = {Siemens AG},
  year         = 2022,
  month        = 01,
  organization = {Siemens AG},
}
@manual{Siemens_Kommunikation,
  title        = {Funktionshandbuch SIMATIC-Kommunikation -  S7-1500, ET 200MP, ET 200SP, ET 200AL, ET 200pro, ET 200eco PN},
  author       = {Siemens AG},
  year         = 2023,
  month        = 11,
  organization = {Siemens AG},
}
@manual{Siemens_Lehrunterlagen_OPCUA,
  title        = {TIA Portal Modul 092-300: OPC UA mit SIMATIC S7-1500 als OPC-Server sowie OPC SCOUT und SIMIT als OPC-Clients},
  author       = {Siemens AG},
  year         = 2019,
  month        = 11,
  organization = {Siemens AG},
}

@misc{OPC_Part1,
	author = {OPC Foundation},
	title = {OPC 10000-1: UA Part 1: Overview and Concepts},
	howpublished = {\url{https://reference.opcfoundation.org/Core/Part1/v105/docs/}},
	year = {2022},
	note = {[abgerufen am 11.06.2025]},
}
@misc{OPC_Part2,
	author = {OPC Foundation},
	title = {OPC 10000-2: UA Part 2: Security},
	howpublished = {\url{https://reference.opcfoundation.org/Core/Part2/v105/docs/}},
	year = {2024},
	note = {[abgerufen am 11.06.2025]},
}
@misc{OPC_Part18,
	author = {OPC Foundation},
	title = {OPC 10000-18: UA Part 18: Role-Based Security},
	howpublished = {\url{https://reference.opcfoundation.org/Core/Part18/v105/docs/}},
	year = {2024},
	note = {[abgerufen am 11.06.2025]},
}
@misc{ECC_nistP384,
	author = {OPC Foundation},
	title = {SecurityPolicy – ECC-nistP384},
	howpublished = {\url{https://profiles.opcfoundation.org/profile/2065}},
	year = {2025},
	note = {[abgerufen am 11.06.2025]},
}
@misc{Aes256_Sha256_RsaPss,
	author = {OPC Foundation},
	title = {SecurityPolicy - Aes256-Sha256-RsaPss},
	howpublished = {\url{https://profiles.opcfoundation.org/profile/2060}},
	year = {2025},
	note = {[abgerufen am 11.06.2025]},
}
@misc{githubGitHubOPCFoundationUANETStandard,
	author = {OPC Foundation},
	title = {{U}{A}-.{N}{E}{T}{S}tandard},
	howpublished = {\url{https://github.com/OPCFoundation/UA-.NETStandard}},
	year = {2024},
	note = {[abgerufen am 11.06.2025]},
}
@misc{githubGitHubOPCFoundationJavaLegacy,
	author = {OPC Foundation},
	title = {{U}{A}-Java-Legacy},
	howpublished = {\url{https://github.com/OPCFoundation/UA-Java-Legacy}},
	year = {2024},
	note = {[abgerufen am 11.06.2025]},
}
@misc{githubGitHubOPCFoundationAnsiCLegacy,
	author = {OPC Foundation},
	title = {{U}{A}-AnsiC-Legacy},
	howpublished = {\url{https://opcfoundation.github.io/UA-AnsiC-Legacy/}},
	year = {2024},
	note = {[abgerufen am 11.06.2025]},
}
@misc{UnifiedAutomation,
	author = {Unified Automation GmbH},
	title = {{P}rodukte {U}nified {A}utomation},
	howpublished = {\url{https://www.unified-automation.com/de/produkte.html}},
	year = {2024},
	note = {[abgerufen am 11.06.2025]},
}
@misc{Softing,
	author = {Softing AG},
	title = {{P}rodukte \& {T}echnologien für die industrielle {P}roduktion},
	howpublished = {\url{https://industrial.softing.com/de/produkte.html}},
	year = {2024},
	note = {[abgerufen am 11.06.2025]},
}
@misc{Prosys,
	author = {Prosys OPC Ltd},
	title = {{O}{P}{C} {U}{A} {A}pplications and {D}evelopment {T}oolkits},
	howpublished = {\url{https://prosysopc.com/products/}},
	year = {2024},
	note = {[abgerufen am 11.06.2025]},
}
@misc{open62541,
	author = {open62541},
	title = {{O}pen source implementation of {O}{P}{C} {U}{A} ({O}{P}{C} {U}nified {A}rchitecture)},
	howpublished = {\url{https://github.com/open62541/open62541}},
	year = {2024},
	note = {[abgerufen am 11.06.2025]},
}
@misc{opcua-asyncio,
	author = {FreeOpcUa},
	title = {{G}it{H}ub: {O}{P}{C} {U}{A} library for python},
	howpublished = {\url{https://github.com/FreeOpcUa/opcua-asyncio}},
	year = {2024},
	note = {[abgerufen am 11.06.2025]},
}
@misc{node-opcua,
	author = {node-opcua},
	title = {{G}it{H}ub - node-opcua/node-opcua: {U}nlocking the {F}ull {P}otential of {O}{P}{C} {U}{A} with {T}ypescript and {N}ode{J}{S}},
	howpublished = {\url{https://github.com/node-opcua/node-opcua}},
	year = {2024},
	note = {[abgerufen am 11.06.2025]},
}
@misc{Blackhat_OPCUA_2021,
	author = {Jacob, Eran and Dvorkin, Roman and Zini, Alon},
	title = {{A} {B}roken {C}hain: {D}iscovering {O}{P}{C}-{U}{A} {A}ttack {S}urface and {E}xploiting the {S}upply-chain},
	howpublished = {\url{https://i.blackhat.com/USA21/Wednesday-Handouts/us-21-A-Broken-Chain-Discovering-OPC-UA-Attack-Surface-And-Exploiting-The-Supply-Chain.pdf}},
	year = {2021},
	note = {[abgerufen am 11.06.2025]},
}
@Inbook{Colombo2010,
author="Colombo, A.-W.
and Karnouskos, S.
and Mendes, J.-M.",
editor="Benyoucef, Lyes
and Grabot, Bernard",
title="Factory of the Future: A Service-oriented System of Modular, Dynamic Reconfigurable and Collaborative Systems",
bookTitle="Artificial Intelligence Techniques for Networked Manufacturing Enterprises Management",
year="2010",
publisher="Springer London",
address="London",
pages="459--481",
abstract="Modern enterprises operate on a global scale and depend on complex business processes performed in highly distributed production systems. Business continuity needs to be guaranteed, while changes at some or many of the distributed shop-floors should happen on-the-fly without stopping the production process as a whole. Unfortunately, there are limits and barriers that hinder the business requirements in beating tackled timely in the shop-floors due to missing modularity, agile reconfigurability, collaboration and open communication among the systems. However, as the number of sophisticated networked embedded devices in the shop-floors increases, service-oriented architecture (SOA) concepts can now be pushed down from the upper information technology level to the device level, and provide a better collaboration between the business systems and the production systems. This leads to highly modular, dynamic reconfigurable factories that build a collaborative system of systems that can adapt and optimize its behaviour to achieve the business goals. The work presented in this chapter shows directions to achieve this dynamism by means of SOA introduction in all layers, increased collaboration and close coupling of production sites and enterprise systems.",
isbn="978-1-84996-119-6",
doi="10.1007/978-1-84996-119-6_15",
url="https://doi.org/10.1007/978-1-84996-119-6_15"
}
@article{Kim2019,
  title = {A modular factory testbed for the rapid reconfiguration of manufacturing systems},
  volume = {31},
  ISSN = {1572-8145},
  url = {http://dx.doi.org/10.1007/s10845-019-01471-2},
  DOI = {10.1007/s10845-019-01471-2},
  number = {3},
  journal = {Journal of Intelligent Manufacturing},
  publisher = {Springer Science and Business Media LLC},
  author = {Kim,  D.-Y. and Park,  J.-W. and Baek,  S. and Park,  K.-B. and Kim,  H.-R. and Park,  J.-I. and Kim,  H.-S. and Kim,  B.-B. and Oh,  H.-Y. and Namgung,  K. and Baek,  W.},
  year = {2019},
  month = mar,
  pages = {661–680}
}




@booklet{BMBF,
  title        = "Umsetzungsempfehlungen für das Zukunftsprojekt Industrie 4.0 - Abschlussbericht des Arbeitskreises Industrie 4.0",
  author       = "Promotorengruppe Kommunikation der Forschungsunion Wirtschaft – Wissenschaft",
  howpublished = "Frankfurt/Main",
  month        = apr,
  year         = 2013
}

@article{BORTOLINI2017348,
title = {Multi-objective assembly line balancing considering component picking and ergonomic risk},
journal = {Computers \& Industrial Engineering},
volume = {112},
pages = {348-367},
year = {2017},
issn = {0360-8352},
doi = {https://doi.org/10.1016/j.cie.2017.08.029},
url = {https://www.sciencedirect.com/science/article/pii/S0360835217303881},
author = {Marco Bortolini and Maurizio Faccio and Mauro Gamberi and Francesco Pilati},
}

@article{Cohen2019,
  doi = {10.1007/s00170-019-04203-1},
  url = {https://doi.org/10.1007/s00170-019-04203-1},
  year = {2019},
  month = aug,
  publisher = {Springer Science and Business Media {LLC}},
  volume = {105},
  number = {9},
  pages = {4037--4054},
  author = {Yuval Cohen and Hussein Naseraldin and Atanu Chaudhuri and Francesco Pilati},
  title = {Assembly systems in Industry 4.0 era: a road map to understand Assembly 4.0},
  journal = {The International Journal of Advanced Manufacturing Technology}
}

@article{Faccio2019,
  doi = {10.1007/s00170-019-03570-z},
  url = {https://doi.org/10.1007/s00170-019-03570-z},
  year = {2019},
  month = mar,
  publisher = {Springer Science and Business Media {LLC}},
  volume = {103},
  number = {1-4},
  pages = {861--877},
  author = {Maurizio Faccio and Emilio Ferrari and Mauro Gamberi and Francesco Pilati},
  title = {Human Factor Analyser for work measurement of manual manufacturing and assembly processes},
  journal = {The International Journal of Advanced Manufacturing Technology}
}

@inproceedings{Paelke2014,
  doi = {10.1109/etfa.2014.7005252},
  url = {https://doi.org/10.1109/etfa.2014.7005252},
  year = {2014},
  month = sep,
  publisher = {{IEEE}},
  author = {Volker Paelke},
  title = {Augmented reality in the smart factory: Supporting workers in an industry 4.0. environment},
  booktitle = {Proceedings of the 2014 {IEEE} Emerging Technology and Factory Automation ({ETFA})}
}

@inproceedings{FengZhou2008,
  doi = {10.1109/ismar.2008.4637362},
  url = {https://doi.org/10.1109/ismar.2008.4637362},
  year = {2008},
  month = sep,
  publisher = {{IEEE}},
  author = {Feng Zhou and Henry Been-Lirn Duh and Mark Billinghurst},
  title = {Trends in augmented reality tracking,  interaction and display: A review of ten years of {ISMAR}},
  booktitle = {2008 7th {IEEE}/{ACM} International Symposium on Mixed and Augmented Reality}
}

@article{Wang2016,
  doi = {10.1007/s40436-015-0131-4},
  url = {https://doi.org/10.1007/s40436-015-0131-4},
  year = {2016},
  month = jan,
  publisher = {Springer Science and Business Media {LLC}},
  volume = {4},
  number = {1},
  pages = {1--22},
  author = {X. Wang and S. K. Ong and A. Y. C. Nee},
  title = {A comprehensive survey of augmented reality assembly research},
  journal = {Advances in Manufacturing}
}

@inproceedings{Gong2009,
  doi = {10.1109/ihmsc.2009.189},
  url = {https://doi.org/10.1109/ihmsc.2009.189},
  year = {2009},
  publisher = {{IEEE}},
  author = {Chao Gong},
  title = {Human-Machine Interface: Design Principles of Visual Information in Human-Machine Interface Design},
  booktitle = {2009 International Conference on Intelligent Human-Machine Systems and Cybernetics}
}

@inproceedings{GongChao2009,
  doi = {10.1109/iccae.2009.23},
  url = {https://doi.org/10.1109/iccae.2009.23},
  year = {2009},
  month = mar,
  publisher = {{IEEE}},
  author = {Chao Gong},
  title = {Human-Computer Interaction: Process and Principles of Human-Computer Interface Design},
  booktitle = {2009 International Conference on Computer and Automation Engineering}
}

@article{Rekiek2002,
  doi = {10.3182/20020721-6-es-1901.01647},
  url = {https://doi.org/10.3182/20020721-6-es-1901.01647},
  year = {2002},
  publisher = {Elsevier {BV}},
  volume = {35},
  number = {1},
  pages = {155--166},
  author = {Brahim Rekiek and Alain Delchambre and Alexandre Dolgui and Antoneta Bratcu},
  title = {{ASSEMBLY} {LINE} {DESIGN}: A {SURVEY}},
  journal = {{IFAC} Proceedings Volumes}
}

@article{Kern2016,
  doi = {10.1016/j.procir.2016.11.057},
  url = {https://doi.org/10.1016/j.procir.2016.11.057},
  year = {2016},
  publisher = {Elsevier {BV}},
  volume = {57},
  pages = {327--332},
  author = {Wolfgang Kern and Fabian Rusitschka and Thomas Bauernhansl},
  title = {Planning of Workstations in a Modular Automotive Assembly System},
  journal = {Procedia {CIRP}}
}
@misc{plattformi40Industrie40,
	author = {Bundesministerium für Wirtschaft und Energie},
	title = {{W}as ist {I}ndustrie 4.0?},
	howpublished = {\url{https://www.plattform-i40.de/IP/Navigation/DE/Industrie40/WasIndustrie40/was-ist-industrie-40.html}},
	year = {},
	note = {[abgerufen am 11.06.2025]},
}

 @misc{bmbf_2016,
  url={https://www.bmbf.de/bmbf/de/forschung/digitale-wirtschaft-und-gesellschaft/industrie-4-0/industrie-4-0.html},
  journal={Industrie 4.0},
  publisher={BMBF},
  author={(BMBF), Bundesforschungsministeriums},
  year={2016},
  month={01}
} 
 
 @incollection{Bauernhansl2014,
  doi = {10.1007/978-3-658-04682-8_1},
  url = {https://doi.org/10.1007/978-3-658-04682-8_1},
  year = {2014},
  publisher = {Springer Fachmedien Wiesbaden},
  pages = {5--35},
  author = {Thomas Bauernhansl},
  title = {Die Vierte Industrielle Revolution {\textendash} Der Weg in ein wertschaffendes Produktionsparadigma},
  booktitle = {Industrie 4.0 in Produktion,  Automatisierung und Logistik}
}

@book{acatech2011,
  doi = {10.1007/978-3-642-27567-8},
  url = {https://doi.org/10.1007/978-3-642-27567-8},
  year = {2011},
  publisher = {Springer Berlin Heidelberg},
  title = {Cyber-Physical Systems}
}

@book{Roth2016,
  doi = {10.1007/978-3-662-48505-7},
  url = {https://doi.org/10.1007/978-3-662-48505-7},
  year = {2016},
  publisher = {Springer Berlin Heidelberg},
  editor = {Armin Roth},
  title = {Einf\"{u}hrung und Umsetzung von Industrie 4.0}
}

@inproceedings{Milgram1995,
  doi = {10.1117/12.197321},
  url = {https://doi.org/10.1117/12.197321},
  year = {1995},
  month = dec,
  publisher = {{SPIE}},
  author = {Paul Milgram and Haruo Takemura and Akira Utsumi and Fumio Kishino},
  editor = {Hari Das},
  title = {Augmented reality: a class of displays on the reality-virtuality continuum},
  booktitle = {{SPIE} Proceedings}
}

@article{Azuma1997,
  doi = {10.1162/pres.1997.6.4.355},
  url = {https://doi.org/10.1162/pres.1997.6.4.355},
  year = {1997},
  month = aug,
  publisher = {{MIT} Press - Journals},
  volume = {6},
  number = {4},
  pages = {355--385},
  author = {Ronald T. Azuma},
  title = {A Survey of Augmented Reality},
  journal = {Presence: Teleoperators and Virtual Environments}
}

@article{Bortolini2017,
  doi = {10.1016/j.ifacol.2017.08.1121},
  url = {https://doi.org/10.1016/j.ifacol.2017.08.1121},
  year = {2017},
  month = jul,
  publisher = {Elsevier {BV}},
  volume = {50},
  number = {1},
  pages = {5700--5705},
  author = {Marco Bortolini and Emilio Ferrari and Mauro Gamberi and Francesco Pilati and Maurizio Faccio},
  title = {Assembly system design in the Industry 4.0 era: a general framework},
  journal = {{IFAC}-{PapersOnLine}}
}

@misc{VDI2424,
	type = {Norm},
	number = {VDI/VDID 2424},
	year = {2021},
	month = {07},
	title = {VDI/VDID 2424: Industriedesign Nutzerzentrierte Gestaltung im Produktentwicklungsprozess}
}

@misc{ISO13849,
	type = {Norm},
	number = {DIN EN ISO 13849-1},
	year = {2021},
	month = {07},
	title = {DIN EN ISO 13849-1: Sicherheit von Maschinen – Sicherheitsbezogene Teile von Steuerungen – Teil 1: Allgemeine Gestaltungsleitsätze}
}

@inproceedings{Kumar2018,
  doi = {10.1109/icgciot.2018.8753047},
  url = {https://doi.org/10.1109/icgciot.2018.8753047},
  year = {2018},
  month = aug,
  publisher = {{IEEE}},
  author = {Nallapaneni Manoj Kumar and Neeraj Kumar Singh and V. K. Peddiny},
  title = {Wearable Smart Glass: Features,  Applications,  Current Progress and Challenges},
  booktitle = {2018 Second International Conference on Green Computing and Internet of Things ({ICGCIoT})}
}

@article{Wright2014,
  doi = {10.1080/15424065.2014.969051},
  url = {https://doi.org/10.1080/15424065.2014.969051},
  year = {2014},
  month = oct,
  publisher = {Informa {UK} Limited},
  volume = {11},
  number = {4},
  pages = {204--216},
  author = {Robin Wright and Latrina Keith},
  title = {Wearable Technology: If the Tech Fits,  Wear It},
  journal = {Journal of Electronic Resources in Medical Libraries}
}

@article{Mann2013,
  doi = {10.1109/mspec.2013.6471058},
  url = {https://doi.org/10.1109/mspec.2013.6471058},
  year = {2013},
  month = mar,
  publisher = {Institute of Electrical and Electronics Engineers ({IEEE})},
  volume = {50},
  number = {3},
  pages = {42--47},
  author = {Steve Mann},
  title = {Vision 2.0},
  journal = {{IEEE} Spectrum}
}

@inproceedings{Delail2015,
  doi = {10.1109/icitst.2015.7412058},
  url = {https://doi.org/10.1109/icitst.2015.7412058},
  year = {2015},
  month = dec,
  publisher = {{IEEE}},
  author = {Buti Al Delail and Chan Yeob Yeun},
  title = {Recent advances of smart glass application security and privacy},
  booktitle = {2015 10th International Conference for Internet Technology and Secured Transactions ({ICITST})}
}

@article{Syberfeldt2017,
  doi = {10.1109/access.2017.2703952},
  url = {https://doi.org/10.1109/access.2017.2703952},
  year = {2017},
  publisher = {Institute of Electrical and Electronics Engineers ({IEEE})},
  volume = {5},
  pages = {9118--9130},
  author = {Anna Syberfeldt and Oscar Danielsson and Patrik Gustavsson},
  title = {Augmented Reality Smart Glasses in the Smart Factory: Product Evaluation Guidelines and Review of Available Products},
  journal = {{IEEE} Access}
}

@misc{GoogleGlass,
	author={LLC, Google},
	title = {Technical Specifications},
	howpublished = {\url{https://www.google.com/glass/tech-specs/}},
	note = {[Zugriff: 15.12.2022]}
}

@misc{Hololens,
	author={Corporation, Microsoft},
	title = {HoloLens 2},
	howpublished = {\url{https://www.microsoft.com/en-us/hololens/buy}},
	note = {[Zugriff: 15.12.2022]}
}

@misc{BT35E,
	author={Epson AG, Seiko},
	title = {Moverio BT-35E Solution Pack},
	howpublished = {\url{https://www.epson.de/de_DE/produkte/smart-glasses/intelligente-multimedia-brille/moverio-bt-35e-solution-pack/p/34454}},
	note = {[Zugriff: 15.12.2022]}
}

@misc{HMT1,
	author={Inc., RealWear},
	title = {RealWear HMT-1},
	howpublished = {\url{https://www.realwear.com/hmt-1/}},
	note = {[Zugriff: 15.12.2022]}
}

@misc{DE100,
	author={Inc., Dynabook},
	title = {dynaEdge DE-100},
	howpublished = {\url{https://de.dynabook.com/generic/dynaedge/}},
	note = {[Zugriff: 15.12.2022]}
}

@misc{VuzixB,
	author={Corporation, Vuzix},
	title = {VUZIX BLADE},
	howpublished = {\url{https://www.vuzix.eu/products/vuzix-blade-smart-glasses-upgraded}},
	note = {[Zugriff: 15.12.2022]}
}

@misc{VuzixM,
	author={Corporation, Vuzix},
	title = {VUZIX M400},
	howpublished = {\url{https://www.vuzix.eu/products/m400-smart-glasses}},
	note = {[Zugriff: 15.12.2022]}
}

@misc{VuzixM4000,
	author={Corporation, Vuzix},
	title = {VUZIX M4000},
	howpublished = {\url{https://www.vuzix.eu/products/m4000-smart-glasses}},
	note = {[Zugriff: 02.01.2023]}
}

@misc{Zebra,
	author={Technologies, Zebra},
	title = {Zebra HD4000},
	howpublished = {\url{https://www.zebra.com/de/de/products/mobile-computers/wearable-computers/hd4000.html}},
	note = {[Zugriff: 02.01.2023]}
}

@misc{ZebraTC,
	author={Technologies, Zebra},
	title = {Zebra TC57},
	howpublished = {\url{https://www.zebra.com/de/de/products/mobile-computers/handheld/tc5x-series.html}},
	note = {[Zugriff: 02.01.2023]}
}

@misc{Teamviewer1,
	author = {AG, Teamviewer},
	title = {Teamviewer - Innovationsführer für Remote-Software},
	howpublished = {\url{https://www.teamviewer.com/de/unternehmen/}},
	note = {[Zugriff: 16.12.2022]},
}

@misc{Teamviewer2,
	author = {AG, Teamviewer},
	title = {Ubimax - A Teamviewer Company},
	howpublished = {\url{https://www.teamviewer.com/de/ubimax/}},
	note = {[Zugriff: 16.12.2022]},
}

@misc{TeamviewerSolutions,
	author = {AG, Teamviewer},
	title = {TeamViewer Frontline - Productivity Solution Platform},
	howpublished = {\url{https://www.teamviewer.com/en-us/frontline/}},
	note = {[Zugriff: 20.01.2023]},
}

@book{Westkaemper2006,
  doi = {10.1007/3-540-30764-8},
  url = {https://doi.org/10.1007/3-540-30764-8},
  year = {2006},
  publisher = {Springer-Verlag},
  title = {Einf\"{u}hrung in die Organisation der Produktion}
}

@misc{DIN8580,
	type = {Norm},
	number = {DIN 8580},
	year = {2022},
	month = {12},
	title = {DIN 8580: Fertigungsverfahren – Begriffe, Einteilung}
}

@article{Boysen2005,
  doi = {10.1007/bf03401270},
  url = {https://doi.org/10.1007/bf03401270},
  year = {2005},
  month = jan,
  publisher = {Springer Science and Business Media {LLC}},
  volume = {16},
  number = {1},
  pages = {53--72},
  author = {Nils Boysen},
  title = {Produktionsprogrammplanung bei Variantenflie{\ss}fertigung},
  journal = {Zeitschrift f\"{u}r Planung und Unternehmenssteuerung}
}

@inproceedings{Kern2015,
author = {Kern, Wolfgang and Rusitschka, Fabian and Kopytynski, Witold and Keckl, Stefan and Bauernhansl, Thomas},
year = {2015},
month = {08},
pages = {},
title = {Alternatives to assembly line production in the automotive industry}
}

@misc{EN894-2,
	type = {Norm},
	number = {EN 894-2},
	year = {2009},
	month = {02},
	title = {EN 894-2: Ergonomische Anforderungen an die Gestaltung von Anzeigen und Stellteilen, Teil 2: Anzeigen}
}

@misc{SiemensBasicPanel,
	author = {AG, Siemens},
	title = {SIMATIC Basic HMI Familie, KP8(F), KTP700 Basic},
	howpublished = {\url{https://www.automation.siemens.com/bilddb/index.aspx?gridview=view2&objkey=P_ST80_XX_03094&showdetail=true&view=Search}},
	note = {[Zugriff: 28.12.2022]},
}

@misc{DB_Zug,
	author = {AG, Deutsche Bahn},
	title = {Eröffnung Neubaustrecke Wendlingen-Ulm},
	howpublished = {\url{https://mediaportal.deutschebahn.com/marsDB-Mediaportal/pic/de/7061603}},
	note = {[Zugriff: 28.12.2022]},
}

@misc{HSEL_Tonstudio,
	author = {Emden-Leer, Hochschule},
	title = {Campushochschule, Leitbild und Positionierung},
	howpublished = {\url{https://www.hs-emden-leer.de/studieninteressierte/campus-hochschule/leitbild-positionierung}},
	note = {[Zugriff: 28.12.2022]},
}

@article{Bowman2007,
  doi = {10.1109/mc.2007.257},
  url = {https://doi.org/10.1109/mc.2007.257},
  year = {2007},
  month = jul,
  publisher = {Institute of Electrical and Electronics Engineers ({IEEE})},
  volume = {40},
  number = {7},
  pages = {36--43},
  author = {Doug A. Bowman and Ryan P. McMahan},
  title = {Virtual Reality: How Much Immersion Is Enough?},
  journal = {Computer}
}

@misc{StarnerCV,
	author = {of Technology, Georgia Institute},
	title = {Thad Starner - Biography},
	howpublished = {\url{https://faculty.cc.gatech.edu/~thad/01_cv.htm}},
	note = {[Zugriff: 29.12.2022]},
}

@misc{MannCV,
	author = {Toronto, University of},
	title = {Steve Mann - Biography},
	howpublished = {\url{https://www.ece.utoronto.ca/people/mann-s/}},
	note = {[Zugriff: 29.12.2022]},
}

@misc{BBC_Google,
	author = {News, BBC},
	title = {Google Glass sales halted but firm says kit is not dead},
	howpublished = {\url{https://www.bbc.com/news/technology-30831128}},
	note = {[Zugriff: 29.12.2022]},
}

@misc{SydneyMorningGerald,
	author = {Morning Gerald, The Sydney},
	title = {I'm wearing Google Glass, and I hate it},
	howpublished = {\url{https://www.smh.com.au/technology/im-wearing-google-glass-and-i-hate-it-20140430-zr1tc.html}},
	note = {[Zugriff: 29.12.2022]},
}

@misc{FastCompany,
	author = {Company, Fast},
	title = {The Surprising Reason Oil Companies Love Google Glass},
	howpublished = {\url{https://www.fastcompany.com/3031171/the-surprising-reason-oil-companies-love-google-glass}},
	note = {[Zugriff: 29.12.2022]},
}

@misc{NYT,
	author = {Times, New York},
	title = {Google Glass Enters the Operating Room},
	howpublished = {\url{https://archive.nytimes.com/well.blogs.nytimes.com/2014/06/01/google-glass-enters-the-operating-room/?_php=true&_type=blogs&_r=0}},
	note = {[Zugriff: 29.12.2022]},
}

@misc{ISO20653,
	type = {Norm},
	number = {ISO 20653},
	year = {2013},
	month = {02},
	title = {ISO 20653: Straßenfahrzeuge - Schutzarten (IP-Code) - Schutz gegen fremde Objekte, Wasser und Kontakt - Elektrische Ausrüstungen}
}

@misc{EN60529,
	type = {Norm},
	number = {DIN EN 60529},
	year = {2014},
	month = {09},
	title = {DIN EN 60529: Schutzarten durch Gehäuse (IP-Code)}
}

@misc{TeamviewerSmartglasses,
	author = {AG, Teamviewer},
	title = {Wearables für die industrielle Nutzung},
	howpublished = {\url{https://www.teamviewer.com/de/unterstuetzte-hardware/}},
	note = {[Zugriff: 16.12.2022]},
}

@misc{Bluetooth5_0,
	author = {Inc., Bluetooth SIG},
	title = {Bluetooth\textsuperscript{\textcopyright} Core Specification Version 5.0},
	howpublished = {Bluetooth Special Interest Group \url{https://www.bluetooth.com/specifications/specs/core-specification-5-0/}},
	note = {[Zugriff: 04.01.2023]},
	month = {12},
	year = {2016}
}

@misc{Bluetooth4_1,
	author = {Inc., Bluetooth SIG},
	title = {Bluetooth\textsuperscript{\textcopyright} Specification Version 4.1},
	howpublished = {Bluetooth Special Interest Group \url{https://www.bluetooth.com/specifications/specs/core-specification-4-1/}},
	note = {[Zugriff: 04.01.2023]},
	month = {12},
	year = {2013}
}

@misc{VDI2127,
	type = {Norm},
	number = {VDI 2127},
	year = {1997},
	month = {02},
	title = {VDI 2127: Getriebetechnische Grundlagen - Begriffsbestimmungen der Getriebe}
}

@misc{VDI2157,
	type = {Norm},
	number = {VDI 2157},
	year = {2012},
	month = {10},
	title = {VDI 2157: Planetengetriebe - Begriffe, Symbole, Berechnungsgrundlagen}
}

@misc{DIN1005-4,
	type = {Norm},
	number = {DIN EN 1005-4},
	year = {2009},
	month = {01},
	title = {DIN EN 1005-4: Sicherheit von Maschinen – Menschliche körperliche Leistung – Teil 4: Bewertung von Körperhaltungen und Bewegungen bei der Arbeit an Maschinen}
}


@misc{MQTT_Oasis,
  title = {MQTT: The Standard for IoT Messaging},
  howpublished = {OASIS \url{https://mqtt.org/}},
  note = {[Zugriff: 16.01.2023]}
}

@misc{MQTTv5_0,
	author = {Open, OASIS},
	title = {MQTT Version 5.0 - OASIS Standard},
	howpublished = {OASIS \url{https://docs.oasis-open.org/mqtt/mqtt/v5.0/mqtt-v5.0.pdf}},
	note = {[Zugriff: 16.01.2023]},
	month = {03},
	year = {2019}
}

@misc{Siemens_S7-1500,
	author={AG, Siemens},
	title = {SIMATIC S7-1500},
	howpublished = {\url{https://new.siemens.com/de/de/produkte/automatisierung/systeme/industrie/sps/simatic-s7-1500.html}},
	note = {[Zugriff: 16.01.2023]}
}


@booklet{MQTT_Anleitung,
  title        = "Anleitung zur Einrichtung eines MQTT-Broker und -Client unter Windows 10",
  author       = "und H. Schoon, P. Schnelten",
  howpublished = "Hochschule Emden/Leer",
  month        = jul,
  year         = 2022
}

@book{Mumm,
  doi = {10.1007/978-3-662-58098-1},
  url = {https://doi.org/10.1007/978-3-662-58098-1},
  year = {2019},
  publisher = {Springer Berlin Heidelberg},
  author = {Mirja Mumm},
  title = {Kosten- und Leistungsrechnung}
}

@book{Olfert,
  year = {2005},
  publisher = {Friedrich Kiehl Verlag GmbH},
  author = {Klaus Olfert},
  title = {Kostenrechnung}
}

@book{Hillebrecht2021,
  doi = {10.1007/978-3-658-32094-2},
  url = {https://doi.org/10.1007/978-3-658-32094-2},
  year = {2021},
  publisher = {Springer Fachmedien Wiesbaden},
  author = {Steffen Hillebrecht},
  title = {Perspektivenorientierte Personalwirtschaft}
}

@misc{DSGVO,
	type = {Verordnung der Europäischen Union},
	number = {Verordnung (EU) 2016/679},
	year = {2016},
	month = {04},
	title = {Datenschutz-Grundverordnung}
}

@misc{Alpha-Tex,
	author = {Arbeitsschutz GmbH, Alpha-Tex},
	title = {Schutzhelm TECTOR "Meister", EN 397},
	howpublished = {Alpha-Tex \url{https://www.alpha-tex.de/schutzhelm-tector-meister-en-397-603?c=89}},
	note = {[Zugriff: 09.02.2023]},
}

@book{Hering2014,
  doi = {10.1007/978-3-658-05199-0},
  url = {https://doi.org/10.1007/978-3-658-05199-0},
  year = {2014},
  publisher = {Springer Fachmedien Wiesbaden},
  author = {Ekbert Hering},
  title = {Kalkulation f\"{u}r Ingenieure}
}

@misc{destatis,
	author = {Statistisches Bundesamt},
	title = {Eine Arbeitsstunde kostete 2021 im Schnitt 37,30 Euro},
	howpublished = {Destatis: \url{https://www.destatis.de/DE/Presse/Pressemitteilungen/2022/05/PD22_190_624.html}},
	year = {2022},
	note = {[Zugriff: 14.02.2023]},
}
%%%%%%%%%%%%%%%%%%%%%%%%%%%%%%%%%%%%%%%%%%%%%%%%%%%%%%%%%%%%%%%%%%%%%%%%%%%%%%%%%%%%%%%%%%%%%%%%%%%%%%%%%%%%%%%

@booklet{Fahlke,
  title        = "Vorlesung Automatisierungssysteme 2 - Projektierung",
  author       = "Prof. Dr.-Ing. Julia Fahlke",
  howpublished = "Hochschule Emden/Leer",
  month        = apr,
  year         = 2022
}

@booklet{Fahlke_2,
  title        = "Vorlesung Automatisierungssysteme 1",
  author       = "Prof. Dr.-Ing. Julia Fahlke",
  howpublished = "Hochschule Emden/Leer",
  month        = sep,
  year         = 2021
}


@manual{MQTTClientAnleitung,
  title        = "MQTT-Client für SIMATIC S7-1500 und S7-1200",
  author       = "Siemens AG",
  organization = "Siemens AG",
  address      = "München, Deutschland",
  year         = 2021
}


@manual{MQTTBiblio,
  title        = "Bibliotheken für Kommunikation für SIMATIC Controller",
  author       = "Siemens AG",
  organization = "Siemens AG",
  address      = "München, Deutschland",
  year         = 2022
}

@book{Industrie40,
  doi = {10.1007/978-3-662-48505-7},
  url = {https://doi.org/10.1007/978-3-662-48505-7},
  year = {2016},
  publisher = {Springer Berlin Heidelberg},
  editor = {Armin Roth},
  title = {Einf\"{u}hrung und Umsetzung von Industrie 4.0}
}

@book{Industrie40_2,
author = {Bauernhansl, Thomas and Hompel, Michael and Vogel-Heuser, Birgit},
year = {2014},
month = {01},
pages = {},
title = {Industrie 4.0 in Produktion, Automatisierung und Logistik: Anwendung · Technologien · Migration},
isbn = {978-3-658-04681-1},
doi = {10.1007/978-3-658-04682-8}
}

%%%%%%%%%%%%%%%%%%%%%%%%%%%%%%%%%%
@inproceedings{Gringoli2019,
  doi = {10.1145/3349623.3355477},
  url = {https://doi.org/10.1145/3349623.3355477},
  year = {2019},
  month = oct,
  publisher = {{ACM}},
  author = {Francesco Gringoli and Matthias Schulz and Jakob Link and Matthias Hollick},
  title = {Free Your {CSI}},
  booktitle = {Proceedings of the 13th International Workshop on Wireless Network Testbeds,  Experimental Evaluation \& Characterization}
}

@misc{nexmon,
	author = {Matthias Schulz, Daniel Wegemer and Matthias Hollick},
	title = {Nexmon: The C-based Firmware Patching Framework},
	howpublished = {Github: \url{https://github.com/seemoo-lab/nexmon}},
	year = {2017},
	note = {[Accessed: 18.07.2023]},
}

@misc{Infineon_BLE,
    organization  = "Infineon Technologies AG",
    title         = "Bluetooth Low Energy (BLE)",
    number        = "002-31031",
    year          =  2020,
    month         =  7,
    url           = {\url{https://www.infineon.com/dgdl/Infineon-Component\_Datasheet\_Bluetooth\_Low_Energy\_(BLE)\_3.66-Software\%20Module\%20Datasheets-v03\_66-EN.pdf?fileId=8ac78c8c7d0d8da4017d0eb05c812a85}},
}

@misc{espressif_BLE_lib,
	author = {Espressif Systems},
	title = {Github - Arduino-ESP32 Libraries},
	howpublished = {\url{https://github.com/espressif/arduino-esp32/tree/master/libraries/BLE/examples}},
	year = {2023},
	note = {[Accessed: 14.08.2023]},
}

@misc{vanIngen_BLE,
	author = {van Ingen, Bart},
	title = {Framework-Arduino-ESP32-IndustrialShields},
	howpublished = {\url{https://github.com/Bart-van-Ingen/framework-arduino-esp32-industrialshields.git}},
	year = {2023},
	note = {[Accessed: 14.08.2023]},
}

@misc{Schoon_industr_BLE,
	author = {Schoon, Heiko},
	title = {IndustrialESP32\_BLE\_Client},
	howpublished = {\url{https://github.com/scarecrow3773/IndustrialESP32\_BLE\_Client.git}},
	year = {2023},
	note = {[Accessed: 14.08.2023]},
}

@misc{Flayols_ESPNOW,
	author = {Flayols, Thomas},
	title = {Linux-ESPNOW},
	howpublished = {\url{https://github.com/thomasfla/Linux-ESPNOW.git}},
	year = {2019},
	note = {[Accessed: 14.08.2023]},
}

@misc{Analog_UART,
	author = {Peña, Eric and Legaspi, Mary Grace},
	title = {UART: A Hardware Communication Protocol - Understanding Universal Asynchronous Receiver/Transmitter},
	howpublished = {\url{https://www.analog.com/media/en/analog-dialogue/volume-54/number-4/uart-a-hardware-communication-protocol.pdf}},
	year = {2020},
	month =  {12},
	note = {[Accessed: 14.08.2023]},
}

@booklet{Magdeburg_Language,
    author = {Belyaev, Alexander and Diedrich, Christian},
    year = {2019},
    month = {07},
    title = {Specification "Demonstrator I4.0-Language" v3.0}
}

@misc{VDI2193-1,
	type = {Norm},
	number = {VDI 2193-1},
	year = {2020},
	month = {4},
	title = {VDI 2193-1: Language for I4.0 components - Structure of messages}
}

@misc{iec_62264,
	type = {Norm},
	number = {IEC 62264},
	year = {2013},
	month = {5},
	title = {IEC 62264: Enterprise-control system integration}
}

@misc{iec_62890,
	type = {Norm},
	number = {IEC 62890},
	year = {2017},
	month = {4},
	title = {IEC 62890: Life-cycle management for systems and products used in industrial-process measurement, control and automation}
}

@booklet{FIPA_SC00030H,
    author = {Foundation for Intelligent Physical Agents},
    year = {2002},
    month = {12},
    title = {FIPA Iterated Contract Net Interaction Protocol Specification}
}

@booklet{dicps_ahlers_schoon,
    author = {Ahlers, Lars and Schoon, Heiko},
    year = {2023},
    month = {06},
    title = {Digitalization of ICPS: Solar panel and hydrogen cell with storage}
}

@booklet{sgam,
    author = {CEN-CENELEC-ETSI Smart Grid Coordination Group},
    year = {2012},
    month = {11},
    title = {Smart Grid Reference Architecture}
}

@booklet{aas_spec_part1,
    author = {Industrial Digital Twin Association e. V.},
    year = {2023},
    month = {04},
    title = {Specification of the Asset Administration Shell - Part 1: Metamodel}
}